%YAML 1.1
%TAG !u! tag:unity3d.com,2011:
--- !u!1 &5429871559085849254
GameObject:
  m_ObjectHideFlags: 0
  m_CorrespondingSourceObject: {fileID: 0}
  m_PrefabInstance: {fileID: 0}
  m_PrefabAsset: {fileID: 0}
  serializedVersion: 6
  m_Component:
  - component: {fileID: 1282471087987633462}
  m_Layer: 0
  m_Name: Portal
  m_TagString: Untagged
  m_Icon: {fileID: 0}
  m_NavMeshLayer: 0
  m_StaticEditorFlags: 0
  m_IsActive: 1
--- !u!4 &1282471087987633462
Transform:
  m_ObjectHideFlags: 0
  m_CorrespondingSourceObject: {fileID: 0}
  m_PrefabInstance: {fileID: 0}
  m_PrefabAsset: {fileID: 0}
  m_GameObject: {fileID: 5429871559085849254}
  m_LocalRotation: {x: 0, y: 0, z: 0, w: 1}
  m_LocalPosition: {x: 0.2206459, y: -6.7, z: 122.71457}
  m_LocalScale: {x: 10, y: 10, z: 1}
  m_Children:
  - {fileID: 2419199126680841108}
  - {fileID: 8364117261763447932}
  m_Father: {fileID: 0}
  m_RootOrder: 0
  m_LocalEulerAnglesHint: {x: 0, y: 0, z: 0}
--- !u!1 &9172363001773787400
GameObject:
  m_ObjectHideFlags: 0
  m_CorrespondingSourceObject: {fileID: 0}
  m_PrefabInstance: {fileID: 0}
  m_PrefabAsset: {fileID: 0}
  serializedVersion: 6
  m_Component:
  - component: {fileID: 8364117261763447932}
  - component: {fileID: 1062921795384535204}
  - component: {fileID: 3104415783056448710}
  - component: {fileID: 9003653142554517158}
  - component: {fileID: 3884708831142057500}
  m_Layer: 0
  m_Name: Detector
  m_TagString: Untagged
  m_Icon: {fileID: 0}
  m_NavMeshLayer: 0
  m_StaticEditorFlags: 0
  m_IsActive: 1
--- !u!4 &8364117261763447932
Transform:
  m_ObjectHideFlags: 0
  m_CorrespondingSourceObject: {fileID: 0}
  m_PrefabInstance: {fileID: 0}
  m_PrefabAsset: {fileID: 0}
  m_GameObject: {fileID: 9172363001773787400}
  m_LocalRotation: {x: -0, y: -0, z: -0, w: 1}
  m_LocalPosition: {x: -0, y: 0, z: 1.487}
  m_LocalScale: {x: 1, y: 1, z: 1.905768}
  m_Children: []
  m_Father: {fileID: 1282471087987633462}
  m_RootOrder: 1
  m_LocalEulerAnglesHint: {x: 0, y: 0, z: 0}
--- !u!33 &1062921795384535204
MeshFilter:
  m_ObjectHideFlags: 0
  m_CorrespondingSourceObject: {fileID: 0}
  m_PrefabInstance: {fileID: 0}
  m_PrefabAsset: {fileID: 0}
  m_GameObject: {fileID: 9172363001773787400}
  m_Mesh: {fileID: 10202, guid: 0000000000000000e000000000000000, type: 0}
--- !u!23 &3104415783056448710
MeshRenderer:
  m_ObjectHideFlags: 0
  m_CorrespondingSourceObject: {fileID: 0}
  m_PrefabInstance: {fileID: 0}
  m_PrefabAsset: {fileID: 0}
  m_GameObject: {fileID: 9172363001773787400}
  m_Enabled: 0
  m_CastShadows: 1
  m_ReceiveShadows: 1
  m_DynamicOccludee: 1
  m_MotionVectors: 1
  m_LightProbeUsage: 1
  m_ReflectionProbeUsage: 1
  m_RayTracingMode: 2
  m_RenderingLayerMask: 1
  m_RendererPriority: 0
  m_Materials:
  - {fileID: 2100000, guid: 31321ba15b8f8eb4c954353edc038b1d, type: 2}
  m_StaticBatchInfo:
    firstSubMesh: 0
    subMeshCount: 0
  m_StaticBatchRoot: {fileID: 0}
  m_ProbeAnchor: {fileID: 0}
  m_LightProbeVolumeOverride: {fileID: 0}
  m_ScaleInLightmap: 1
  m_ReceiveGI: 1
  m_PreserveUVs: 0
  m_IgnoreNormalsForChartDetection: 0
  m_ImportantGI: 0
  m_StitchLightmapSeams: 1
  m_SelectedEditorRenderState: 3
  m_MinimumChartSize: 4
  m_AutoUVMaxDistance: 0.5
  m_AutoUVMaxAngle: 89
  m_LightmapParameters: {fileID: 0}
  m_SortingLayerID: 0
  m_SortingLayer: 0
  m_SortingOrder: 0
--- !u!65 &9003653142554517158
BoxCollider:
  m_ObjectHideFlags: 0
  m_CorrespondingSourceObject: {fileID: 0}
  m_PrefabInstance: {fileID: 0}
  m_PrefabAsset: {fileID: 0}
  m_GameObject: {fileID: 9172363001773787400}
  m_Material: {fileID: 0}
  m_IsTrigger: 1
  m_Enabled: 1
  serializedVersion: 2
  m_Size: {x: 1, y: 1, z: 1}
  m_Center: {x: 0, y: 0, z: 0}
--- !u!114 &3884708831142057500
MonoBehaviour:
  m_ObjectHideFlags: 0
  m_CorrespondingSourceObject: {fileID: 0}
  m_PrefabInstance: {fileID: 0}
  m_PrefabAsset: {fileID: 0}
  m_GameObject: {fileID: 9172363001773787400}
  m_Enabled: 1
  m_EditorHideFlags: 0
  m_Script: {fileID: 11500000, guid: f39b178107b45404abe6e01800f2c260, type: 3}
  m_Name: 
  m_EditorClassIdentifier: 
--- !u!1001 &7271074823854784654
PrefabInstance:
  m_ObjectHideFlags: 0
  serializedVersion: 2
  m_Modification:
    m_TransformParent: {fileID: 1282471087987633462}
    m_Modifications:
    - target: {fileID: -4216859302048453862, guid: 6a3d3dbdab68d470497052a7643c9c7c,
        type: 3}
      propertyPath: m_LocalPosition.x
      value: 0.29293543
      objectReference: {fileID: 0}
    - target: {fileID: -4216859302048453862, guid: 6a3d3dbdab68d470497052a7643c9c7c,
        type: 3}
      propertyPath: m_LocalPosition.y
      value: -0.46000004
      objectReference: {fileID: 0}
    - target: {fileID: -4216859302048453862, guid: 6a3d3dbdab68d470497052a7643c9c7c,
        type: 3}
      propertyPath: m_LocalPosition.z
      value: -0.21456909
      objectReference: {fileID: 0}
    - target: {fileID: -4216859302048453862, guid: 6a3d3dbdab68d470497052a7643c9c7c,
        type: 3}
      propertyPath: m_LocalRotation.x
      value: -0
      objectReference: {fileID: 0}
    - target: {fileID: -4216859302048453862, guid: 6a3d3dbdab68d470497052a7643c9c7c,
        type: 3}
      propertyPath: m_LocalRotation.y
      value: -0
      objectReference: {fileID: 0}
    - target: {fileID: -4216859302048453862, guid: 6a3d3dbdab68d470497052a7643c9c7c,
        type: 3}
      propertyPath: m_LocalRotation.z
      value: -0
      objectReference: {fileID: 0}
    - target: {fileID: -4216859302048453862, guid: 6a3d3dbdab68d470497052a7643c9c7c,
        type: 3}
      propertyPath: m_LocalRotation.w
      value: 1
      objectReference: {fileID: 0}
    - target: {fileID: -4216859302048453862, guid: 6a3d3dbdab68d470497052a7643c9c7c,
        type: 3}
      propertyPath: m_RootOrder
      value: 0
      objectReference: {fileID: 0}
    - target: {fileID: -4216859302048453862, guid: 6a3d3dbdab68d470497052a7643c9c7c,
        type: 3}
      propertyPath: m_LocalEulerAnglesHint.x
      value: 0
      objectReference: {fileID: 0}
    - target: {fileID: -4216859302048453862, guid: 6a3d3dbdab68d470497052a7643c9c7c,
        type: 3}
      propertyPath: m_LocalEulerAnglesHint.y
      value: 0
      objectReference: {fileID: 0}
    - target: {fileID: -4216859302048453862, guid: 6a3d3dbdab68d470497052a7643c9c7c,
        type: 3}
      propertyPath: m_LocalEulerAnglesHint.z
      value: 0
      objectReference: {fileID: 0}
    - target: {fileID: -4216859302048453862, guid: 6a3d3dbdab68d470497052a7643c9c7c,
        type: 3}
      propertyPath: m_LocalScale.x
      value: 0.030000001
      objectReference: {fileID: 0}
    - target: {fileID: -4216859302048453862, guid: 6a3d3dbdab68d470497052a7643c9c7c,
        type: 3}
      propertyPath: m_LocalScale.y
      value: 0.030000001
      objectReference: {fileID: 0}
    - target: {fileID: -4216859302048453862, guid: 6a3d3dbdab68d470497052a7643c9c7c,
        type: 3}
      propertyPath: m_LocalScale.z
      value: 0.3
      objectReference: {fileID: 0}
    - target: {fileID: -927199367670048503, guid: 6a3d3dbdab68d470497052a7643c9c7c,
        type: 3}
      propertyPath: m_Name
      value: Gate3f
      objectReference: {fileID: 0}
    m_RemovedComponents: []
  m_SourcePrefab: {fileID: 100100000, guid: 6a3d3dbdab68d470497052a7643c9c7c, type: 3}
--- !u!4 &2419199126680841108 stripped
Transform:
  m_CorrespondingSourceObject: {fileID: -4216859302048453862, guid: 6a3d3dbdab68d470497052a7643c9c7c,
    type: 3}
  m_PrefabInstance: {fileID: 7271074823854784654}
  m_PrefabAsset: {fileID: 0}
