%YAML 1.1
%TAG !u! tag:unity3d.com,2011:
--- !u!1 &742199893
GameObject:
  m_ObjectHideFlags: 0
  m_CorrespondingSourceObject: {fileID: 0}
  m_PrefabInstance: {fileID: 0}
  m_PrefabAsset: {fileID: 0}
  serializedVersion: 6
  m_Component:
  - component: {fileID: 742199894}
  - component: {fileID: 2967117744932209462}
  m_Layer: 0
  m_Name: AI
  m_TagString: Untagged
  m_Icon: {fileID: 0}
  m_NavMeshLayer: 0
  m_StaticEditorFlags: 0
  m_IsActive: 0
--- !u!4 &742199894
Transform:
  m_ObjectHideFlags: 0
  m_CorrespondingSourceObject: {fileID: 0}
  m_PrefabInstance: {fileID: 0}
  m_PrefabAsset: {fileID: 0}
  m_GameObject: {fileID: 742199893}
  m_LocalRotation: {x: 0, y: 0, z: 0, w: 1}
  m_LocalPosition: {x: 0, y: 0, z: 0}
  m_LocalScale: {x: 1, y: 1, z: 1}
  m_Children:
  - {fileID: 2073709320}
  m_Father: {fileID: 3487101398580520042}
  m_RootOrder: 3
  m_LocalEulerAnglesHint: {x: 0, y: 0, z: 0}
--- !u!114 &2967117744932209462
MonoBehaviour:
  m_ObjectHideFlags: 0
  m_CorrespondingSourceObject: {fileID: 0}
  m_PrefabInstance: {fileID: 0}
  m_PrefabAsset: {fileID: 0}
  m_GameObject: {fileID: 742199893}
  m_Enabled: 1
  m_EditorHideFlags: 0
  m_Script: {fileID: 11500000, guid: 608a90203afb549d58982727d63c8c35, type: 3}
  m_Name: 
  m_EditorClassIdentifier: 
  pathFindingAgent: {fileID: 0}
--- !u!1 &2073709319
GameObject:
  m_ObjectHideFlags: 0
  m_CorrespondingSourceObject: {fileID: 0}
  m_PrefabInstance: {fileID: 0}
  m_PrefabAsset: {fileID: 0}
  serializedVersion: 6
  m_Component:
  - component: {fileID: 2073709320}
  - component: {fileID: 6105236989537358600}
  m_Layer: 0
  m_Name: Walk
  m_TagString: Untagged
  m_Icon: {fileID: 0}
  m_NavMeshLayer: 0
  m_StaticEditorFlags: 0
  m_IsActive: 0
--- !u!4 &2073709320
Transform:
  m_ObjectHideFlags: 0
  m_CorrespondingSourceObject: {fileID: 0}
  m_PrefabInstance: {fileID: 0}
  m_PrefabAsset: {fileID: 0}
  m_GameObject: {fileID: 2073709319}
  m_LocalRotation: {x: 0, y: 0, z: 0, w: 1}
  m_LocalPosition: {x: 0, y: 0, z: 0}
  m_LocalScale: {x: 1, y: 1, z: 1}
  m_Children: []
  m_Father: {fileID: 742199894}
  m_RootOrder: 0
  m_LocalEulerAnglesHint: {x: 0, y: 0, z: 0}
--- !u!95 &6105236989537358600
Animator:
  serializedVersion: 3
  m_ObjectHideFlags: 0
  m_CorrespondingSourceObject: {fileID: 0}
  m_PrefabInstance: {fileID: 0}
  m_PrefabAsset: {fileID: 0}
  m_GameObject: {fileID: 2073709319}
  m_Enabled: 1
  m_Avatar: {fileID: 0}
  m_Controller: {fileID: 9100000, guid: 3fa90aa961d834b43a22f000d2aba80a, type: 2}
  m_CullingMode: 0
  m_UpdateMode: 0
  m_ApplyRootMotion: 0
  m_LinearVelocityBlending: 0
  m_WarningMessage: 
  m_HasTransformHierarchy: 1
  m_AllowConstantClipSamplingOptimization: 1
  m_KeepAnimatorControllerStateOnDisable: 0
--- !u!114 &5824740814969933353
MonoBehaviour:
  m_ObjectHideFlags: 0
  m_CorrespondingSourceObject: {fileID: 0}
  m_PrefabInstance: {fileID: 0}
  m_PrefabAsset: {fileID: 0}
  m_GameObject: {fileID: 6544430197695917894}
  m_Enabled: 1
  m_EditorHideFlags: 0
  m_Script: {fileID: 11500000, guid: da457ca9fd3f246b2af58fcaf27203a8, type: 3}
  m_Name: 
  m_EditorClassIdentifier: 
--- !u!1001 &3185896664726247998
PrefabInstance:
  m_ObjectHideFlags: 0
  serializedVersion: 2
  m_Modification:
    m_TransformParent: {fileID: 0}
    m_Modifications:
    - target: {fileID: 804548140, guid: 96d5c22701b814153b5c0851be9e358d, type: 3}
      propertyPath: CurrentObjects.Array.size
      value: 3
      objectReference: {fileID: 0}
    - target: {fileID: 804548140, guid: 96d5c22701b814153b5c0851be9e358d, type: 3}
      propertyPath: CurrentMaterials.Array.size
      value: 3
      objectReference: {fileID: 0}
    - target: {fileID: 804548140, guid: 96d5c22701b814153b5c0851be9e358d, type: 3}
      propertyPath: NewMaterials.Array.size
      value: 3
      objectReference: {fileID: 0}
    - target: {fileID: 804548140, guid: 96d5c22701b814153b5c0851be9e358d, type: 3}
      propertyPath: CurrentObjects.Array.data[2]
      value: 
      objectReference: {fileID: 3185896665248302175}
    - target: {fileID: 804548140, guid: 96d5c22701b814153b5c0851be9e358d, type: 3}
      propertyPath: CurrentMaterials.Array.data[0]
      value: 
      objectReference: {fileID: 2100000, guid: 0f45cf6982a9244f19f045a624d0f50b, type: 2}
    - target: {fileID: 804548140, guid: 96d5c22701b814153b5c0851be9e358d, type: 3}
      propertyPath: CurrentMaterials.Array.data[1]
      value: 
      objectReference: {fileID: 2100000, guid: ebb3a5cf868d94ca2aee78400945a12c, type: 2}
    - target: {fileID: 804548140, guid: 96d5c22701b814153b5c0851be9e358d, type: 3}
      propertyPath: CurrentMaterials.Array.data[2]
      value: 
      objectReference: {fileID: 2100000, guid: 31321ba15b8f8eb4c954353edc038b1d, type: 2}
    - target: {fileID: 804548140, guid: 96d5c22701b814153b5c0851be9e358d, type: 3}
      propertyPath: NewMaterials.Array.data[0]
      value: 
      objectReference: {fileID: 2100000, guid: 580472d2863514b598441df5e1037b2c, type: 2}
    - target: {fileID: 804548140, guid: 96d5c22701b814153b5c0851be9e358d, type: 3}
      propertyPath: NewMaterials.Array.data[1]
      value: 
      objectReference: {fileID: 2100000, guid: 54bcd9bddc2534b0d95a4caae2571930, type: 2}
    - target: {fileID: 804548140, guid: 96d5c22701b814153b5c0851be9e358d, type: 3}
      propertyPath: NewMaterials.Array.data[2]
      value: 
      objectReference: {fileID: 2100000, guid: be166ea5dab91482d8c0495f24a345b7, type: 2}
    - target: {fileID: 1059462753, guid: 96d5c22701b814153b5c0851be9e358d, type: 3}
      propertyPath: m_IsActive
      value: 0
      objectReference: {fileID: 0}
    - target: {fileID: 1059462757, guid: 96d5c22701b814153b5c0851be9e358d, type: 3}
      propertyPath: m_Materials.Array.data[0]
      value: 
      objectReference: {fileID: 2100000, guid: be166ea5dab91482d8c0495f24a345b7, type: 2}
    - target: {fileID: 1221079114, guid: 96d5c22701b814153b5c0851be9e358d, type: 3}
      propertyPath: m_IsActive
      value: 0
      objectReference: {fileID: 0}
    - target: {fileID: 2000255722, guid: 96d5c22701b814153b5c0851be9e358d, type: 3}
      propertyPath: m_Enabled
      value: 0
      objectReference: {fileID: 0}
    - target: {fileID: 286381698991806834, guid: 96d5c22701b814153b5c0851be9e358d,
        type: 3}
      propertyPath: m_ConnectedAnchor.y
      value: 0.0000000024132354
      objectReference: {fileID: 0}
    - target: {fileID: 286381698991806834, guid: 96d5c22701b814153b5c0851be9e358d,
        type: 3}
      propertyPath: m_ConnectedAnchor.z
      value: -0.000000026387616
      objectReference: {fileID: 0}
    - target: {fileID: 763561292093621611, guid: 96d5c22701b814153b5c0851be9e358d,
        type: 3}
      propertyPath: m_ConnectedAnchor.y
      value: 0.00000038365732
      objectReference: {fileID: 0}
    - target: {fileID: 763561292093621611, guid: 96d5c22701b814153b5c0851be9e358d,
        type: 3}
      propertyPath: m_ConnectedAnchor.z
      value: 0.00000034791788
      objectReference: {fileID: 0}
    - target: {fileID: 2040755274300849748, guid: 96d5c22701b814153b5c0851be9e358d,
        type: 3}
      propertyPath: m_LocalPosition.x
      value: 0
      objectReference: {fileID: 0}
    - target: {fileID: 2040755274300849748, guid: 96d5c22701b814153b5c0851be9e358d,
        type: 3}
      propertyPath: m_LocalPosition.y
      value: 5.45
      objectReference: {fileID: 0}
    - target: {fileID: 2040755274300849748, guid: 96d5c22701b814153b5c0851be9e358d,
        type: 3}
      propertyPath: m_LocalPosition.z
      value: 19.86
      objectReference: {fileID: 0}
    - target: {fileID: 2040755274300849748, guid: 96d5c22701b814153b5c0851be9e358d,
        type: 3}
      propertyPath: m_LocalRotation.x
      value: 0
      objectReference: {fileID: 0}
    - target: {fileID: 2040755274300849748, guid: 96d5c22701b814153b5c0851be9e358d,
        type: 3}
      propertyPath: m_LocalRotation.y
      value: 1
      objectReference: {fileID: 0}
    - target: {fileID: 2040755274300849748, guid: 96d5c22701b814153b5c0851be9e358d,
        type: 3}
      propertyPath: m_LocalRotation.z
      value: 0
      objectReference: {fileID: 0}
    - target: {fileID: 2040755274300849748, guid: 96d5c22701b814153b5c0851be9e358d,
        type: 3}
      propertyPath: m_LocalRotation.w
      value: 0
      objectReference: {fileID: 0}
    - target: {fileID: 2040755274300849748, guid: 96d5c22701b814153b5c0851be9e358d,
        type: 3}
      propertyPath: m_RootOrder
      value: 0
      objectReference: {fileID: 0}
    - target: {fileID: 2040755274300849748, guid: 96d5c22701b814153b5c0851be9e358d,
        type: 3}
      propertyPath: m_LocalEulerAnglesHint.x
      value: 0
      objectReference: {fileID: 0}
    - target: {fileID: 2040755274300849748, guid: 96d5c22701b814153b5c0851be9e358d,
        type: 3}
      propertyPath: m_LocalEulerAnglesHint.y
      value: 180
      objectReference: {fileID: 0}
    - target: {fileID: 2040755274300849748, guid: 96d5c22701b814153b5c0851be9e358d,
        type: 3}
      propertyPath: m_LocalEulerAnglesHint.z
      value: 0
      objectReference: {fileID: 0}
    - target: {fileID: 2900160510779512867, guid: 96d5c22701b814153b5c0851be9e358d,
        type: 3}
      propertyPath: m_Enabled
      value: 0
      objectReference: {fileID: 0}
    - target: {fileID: 3089216669756565508, guid: 96d5c22701b814153b5c0851be9e358d,
        type: 3}
      propertyPath: m_ConnectedAnchor.y
      value: -0.06656382
      objectReference: {fileID: 0}
    - target: {fileID: 3089216669756565508, guid: 96d5c22701b814153b5c0851be9e358d,
        type: 3}
      propertyPath: m_ConnectedAnchor.z
      value: -0.00055361306
      objectReference: {fileID: 0}
    - target: {fileID: 3403386922485135946, guid: 96d5c22701b814153b5c0851be9e358d,
        type: 3}
      propertyPath: m_ConnectedAnchor.y
      value: 0.00000029807774
      objectReference: {fileID: 0}
    - target: {fileID: 3403386922485135946, guid: 96d5c22701b814153b5c0851be9e358d,
        type: 3}
      propertyPath: m_ConnectedAnchor.z
      value: 0.00000041164455
      objectReference: {fileID: 0}
    - target: {fileID: 3437147639375782214, guid: 96d5c22701b814153b5c0851be9e358d,
        type: 3}
      propertyPath: m_ConnectedAnchor.y
      value: 0.22204724
      objectReference: {fileID: 0}
    - target: {fileID: 3437147639375782214, guid: 96d5c22701b814153b5c0851be9e358d,
        type: 3}
      propertyPath: m_ConnectedAnchor.z
      value: -0.035217896
      objectReference: {fileID: 0}
    - target: {fileID: 3571876037443697645, guid: 96d5c22701b814153b5c0851be9e358d,
        type: 3}
      propertyPath: m_ConnectedAnchor.y
      value: -0.40595418
      objectReference: {fileID: 0}
    - target: {fileID: 3571876037443697645, guid: 96d5c22701b814153b5c0851be9e358d,
        type: 3}
      propertyPath: m_ConnectedAnchor.z
      value: -0.0051696245
      objectReference: {fileID: 0}
    - target: {fileID: 3937362755802367996, guid: 96d5c22701b814153b5c0851be9e358d,
        type: 3}
      propertyPath: m_Enabled
      value: 0
      objectReference: {fileID: 0}
    - target: {fileID: 3970419844147634880, guid: 96d5c22701b814153b5c0851be9e358d,
        type: 3}
      propertyPath: m_ConnectedAnchor.y
      value: 0.38714543
      objectReference: {fileID: 0}
    - target: {fileID: 3970419844147634880, guid: 96d5c22701b814153b5c0851be9e358d,
        type: 3}
      propertyPath: m_ConnectedAnchor.z
      value: 0.023087844
      objectReference: {fileID: 0}
    - target: {fileID: 4154708731891129317, guid: 96d5c22701b814153b5c0851be9e358d,
        type: 3}
      propertyPath: m_UseGravity
      value: 0
      objectReference: {fileID: 0}
    - target: {fileID: 4154708731891129338, guid: 96d5c22701b814153b5c0851be9e358d,
        type: 3}
      propertyPath: m_Enabled
      value: 0
      objectReference: {fileID: 0}
    - target: {fileID: 4526611413563921018, guid: 96d5c22701b814153b5c0851be9e358d,
        type: 3}
      propertyPath: m_ConnectedAnchor.y
      value: 0.22204676
      objectReference: {fileID: 0}
    - target: {fileID: 4526611413563921018, guid: 96d5c22701b814153b5c0851be9e358d,
        type: 3}
      propertyPath: m_ConnectedAnchor.z
      value: -0.035217896
      objectReference: {fileID: 0}
    - target: {fileID: 4537073471133830965, guid: 96d5c22701b814153b5c0851be9e358d,
        type: 3}
      propertyPath: m_ConnectedAnchor.x
      value: 0.000001280502
      objectReference: {fileID: 0}
    - target: {fileID: 4537073471133830965, guid: 96d5c22701b814153b5c0851be9e358d,
        type: 3}
      propertyPath: m_ConnectedAnchor.y
      value: 0.21568888
      objectReference: {fileID: 0}
    - target: {fileID: 4537073471133830965, guid: 96d5c22701b814153b5c0851be9e358d,
        type: 3}
      propertyPath: m_ConnectedAnchor.z
      value: -0.026497371
      objectReference: {fileID: 0}
    - target: {fileID: 5635110392861183063, guid: 96d5c22701b814153b5c0851be9e358d,
        type: 3}
      propertyPath: m_Enabled
      value: 0
      objectReference: {fileID: 0}
    - target: {fileID: 5715243924899907828, guid: 96d5c22701b814153b5c0851be9e358d,
        type: 3}
      propertyPath: m_IsActive
      value: 0
      objectReference: {fileID: 0}
    - target: {fileID: 5853714688418423480, guid: 96d5c22701b814153b5c0851be9e358d,
        type: 3}
      propertyPath: m_Enabled
      value: 0
      objectReference: {fileID: 0}
    - target: {fileID: 6096721121292937165, guid: 96d5c22701b814153b5c0851be9e358d,
        type: 3}
      propertyPath: m_ConnectedAnchor.y
      value: -0.066563986
      objectReference: {fileID: 0}
    - target: {fileID: 6096721121292937165, guid: 96d5c22701b814153b5c0851be9e358d,
        type: 3}
      propertyPath: m_ConnectedAnchor.z
      value: -0.00055361807
      objectReference: {fileID: 0}
    - target: {fileID: 7720918827495646241, guid: 96d5c22701b814153b5c0851be9e358d,
        type: 3}
      propertyPath: m_Materials.Array.data[0]
      value: 
      objectReference: {fileID: 2100000, guid: 580472d2863514b598441df5e1037b2c, type: 2}
    - target: {fileID: 8048913355281823649, guid: 96d5c22701b814153b5c0851be9e358d,
        type: 3}
      propertyPath: m_Materials.Array.data[0]
      value: 
      objectReference: {fileID: 2100000, guid: 54bcd9bddc2534b0d95a4caae2571930, type: 2}
    - target: {fileID: 8348214437275310433, guid: 96d5c22701b814153b5c0851be9e358d,
        type: 3}
      propertyPath: m_ConnectedAnchor.y
      value: -0.40595415
      objectReference: {fileID: 0}
    - target: {fileID: 8348214437275310433, guid: 96d5c22701b814153b5c0851be9e358d,
        type: 3}
      propertyPath: m_ConnectedAnchor.z
      value: -0.005144425
      objectReference: {fileID: 0}
    - target: {fileID: 8567228252418815352, guid: 96d5c22701b814153b5c0851be9e358d,
        type: 3}
      propertyPath: m_Name
      value: Dummy
      objectReference: {fileID: 0}
    - target: {fileID: 9091324570869135269, guid: 96d5c22701b814153b5c0851be9e358d,
        type: 3}
      propertyPath: m_ConnectedAnchor.y
      value: 0.00000033126352
      objectReference: {fileID: 0}
    - target: {fileID: 9091324570869135269, guid: 96d5c22701b814153b5c0851be9e358d,
        type: 3}
      propertyPath: m_ConnectedAnchor.z
      value: 0.000000024214376
      objectReference: {fileID: 0}
    m_RemovedComponents: []
  m_SourcePrefab: {fileID: 100100000, guid: 96d5c22701b814153b5c0851be9e358d, type: 3}
--- !u!1 &6544430197695917894 stripped
GameObject:
  m_CorrespondingSourceObject: {fileID: 8567228252418815352, guid: 96d5c22701b814153b5c0851be9e358d,
    type: 3}
  m_PrefabInstance: {fileID: 3185896664726247998}
  m_PrefabAsset: {fileID: 0}
--- !u!4 &3487101398580520042 stripped
Transform:
  m_CorrespondingSourceObject: {fileID: 2040755274300849748, guid: 96d5c22701b814153b5c0851be9e358d,
    type: 3}
  m_PrefabInstance: {fileID: 3185896664726247998}
  m_PrefabAsset: {fileID: 0}
--- !u!1 &3185896665248302175 stripped
GameObject:
  m_CorrespondingSourceObject: {fileID: 1059462753, guid: 96d5c22701b814153b5c0851be9e358d,
    type: 3}
  m_PrefabInstance: {fileID: 3185896664726247998}
  m_PrefabAsset: {fileID: 0}
